[gd_scene load_steps=22 format=2]

[ext_resource path="res://Scenes/GameOver.tscn" type="PackedScene" id=1]
[ext_resource path="res://Assets/Background/Land.png" type="Texture" id=2]
[ext_resource path="res://Assets/Backsounds/backsound.ogg" type="AudioStream" id=3]
[ext_resource path="res://Scenes/Map.tscn" type="PackedScene" id=4]
[ext_resource path="res://Scenes/EnemySpawner.tscn" type="PackedScene" id=5]
[ext_resource path="res://Scenes/Player.tscn" type="PackedScene" id=6]
[ext_resource path="res://Scenes/ReloadingLabel.tscn" type="PackedScene" id=7]
[ext_resource path="res://Scenes/TimeLabel.tscn" type="PackedScene" id=8]
[ext_resource path="res://Scenes/EnemyLeftLabel.tscn" type="PackedScene" id=9]
[ext_resource path="res://Scenes/HealthBar.tscn" type="PackedScene" id=10]
[ext_resource path="res://Scenes/Win.tscn" type="PackedScene" id=11]
[ext_resource path="res://Assets/Tree/foliagePack_051.png" type="Texture" id=12]
[ext_resource path="res://Assets/Tree/foliagePack_054.png" type="Texture" id=13]
[ext_resource path="res://Assets/Tree/foliagePack_026.png" type="Texture" id=14]
[ext_resource path="res://Assets/Tree/foliagePack_021.png" type="Texture" id=15]
[ext_resource path="res://Assets/Tree/foliagePack_010.png" type="Texture" id=16]
[ext_resource path="res://Assets/Tree/foliagePack_025.png" type="Texture" id=17]

[sub_resource type="RectangleShape2D" id=1]
extents = Vector2( 585.501, 23.4904 )

[sub_resource type="RectangleShape2D" id=2]
extents = Vector2( 22.2545, 436.29 )

[sub_resource type="RectangleShape2D" id=3]
extents = Vector2( 617.797, 32.145 )

[sub_resource type="RectangleShape2D" id=4]
extents = Vector2( 31.1603, 463.485 )

[node name="Level2" type="Node2D"]

[node name="GameOverLayer" parent="." instance=ExtResource( 1 )]
visible = false
margin_left = -3.20927
margin_top = -21.0488
margin_right = -3.20927
margin_bottom = -21.0488

[node name="WinLayer" parent="." instance=ExtResource( 11 )]
visible = false
margin_left = -5.47827
margin_top = -5.59802
margin_right = -5.47827
margin_bottom = -5.59802
nextScene = "Level3"

[node name="EnemySpawnerArea1" parent="." instance=ExtResource( 5 )]
visible = false
margin_left = 61.0
margin_top = 59.0
margin_right = 189.0
margin_bottom = 506.0
comeFromTop = true

[node name="Map" parent="." instance=ExtResource( 4 )]
scale = Vector2( 0.5, 0.5 )
z_index = -2
tile_data = PoolIntArray( 1114112, 0, 196611, 1114113, 0, 196612, 1114114, 0, 196612, 1114115, 0, 196612, 1114116, 0, 196612, 1114117, 0, 196612, 1114118, 0, 196612, 1114119, 0, 196612, 1114120, 0, 196612, 1114121, 0, 196612, 1114122, 0, 196612, 1114123, 0, 196612, 1114124, 0, 196612, 1114125, 0, 196612, 1114126, 0, 196612, 1114127, 0, 196612, 1114128, 0, 196612, 1114129, 0, 196612, 1114130, 0, 196612, 1114131, 0, 196612, 1114132, 0, 196612, 1114133, 0, 196612, 1114134, 0, 196612, 1114135, 0, 196612, 1114136, 0, 196612, 1114137, 0, 196612, 1114138, 0, 196612, 1114139, 0, 196612, 1114140, 0, 131075, 2097154, 0, 786432, 2424864, 0, 589824 )

[node name="Land" type="Sprite" parent="."]
position = Vector2( 518.993, 312.342 )
scale = Vector2( 1.02212, 0.631299 )
z_index = -3
texture = ExtResource( 2 )

[node name="PlayerBody" parent="." instance=ExtResource( 6 )]
position = Vector2( 752.742, 128.029 )
scale = Vector2( 0.6, 0.6 )
z_index = -1

[node name="Border" type="Area2D" parent="."]

[node name="BorderBottom" type="CollisionShape2D" parent="Border"]
position = Vector2( 540.366, 732.82 )
shape = SubResource( 1 )

[node name="BorderLeft" type="CollisionShape2D" parent="Border"]
position = Vector2( -52.9731, 339.028 )
shape = SubResource( 2 )

[node name="BorderTop" type="CollisionShape2D" parent="Border"]
position = Vector2( 540.324, -102.872 )
shape = SubResource( 3 )

[node name="BorderRIght" type="CollisionShape2D" parent="Border"]
position = Vector2( 1102.44, 317.142 )
shape = SubResource( 4 )

[node name="ReloadingLabel" parent="." instance=ExtResource( 7 )]
margin_left = 812.0
margin_top = 11.0
margin_right = 1016.0
margin_bottom = 52.0

[node name="HealthBar" parent="." instance=ExtResource( 10 )]
show_behind_parent = true
margin_left = 6.36397
margin_top = 20.7978
margin_right = 278.364
margin_bottom = 50.7978

[node name="Backsound" type="AudioStreamPlayer2D" parent="."]
position = Vector2( 538.129, 323.83 )
stream = ExtResource( 3 )
autoplay = true

[node name="TimeLabel" parent="." instance=ExtResource( 8 )]
anchor_left = 0.5
anchor_right = 0.5
margin_left = 498.083
margin_right = 558.083
margin_bottom = 51.0
text = "60"

[node name="EnemyLeftLabel" parent="." instance=ExtResource( 9 )]
margin_left = 168.627
margin_top = 0.762703
margin_right = 275.627
margin_bottom = 18.7627
text = "ENEMY LEFT: 5"

[node name="Accessories" type="Node2D" parent="."]
z_index = -2

[node name="foliagePack_021" type="Sprite" parent="Accessories"]
position = Vector2( 160.623, 584.035 )
scale = Vector2( 0.361889, 0.361889 )
texture = ExtResource( 15 )

[node name="foliagePack_022" type="Sprite" parent="Accessories"]
position = Vector2( 192.406, 587.214 )
scale = Vector2( 0.361889, 0.361889 )
texture = ExtResource( 15 )

[node name="foliagePack_010" type="Sprite" parent="Accessories"]
position = Vector2( 62.5789, 545.68 )
scale = Vector2( 0.298589, 0.298589 )
texture = ExtResource( 16 )

[node name="foliagePack_026" type="Sprite" parent="Accessories"]
position = Vector2( 913.856, 564.976 )
scale = Vector2( 0.151851, 0.151851 )
texture = ExtResource( 14 )

[node name="foliagePack_051" type="Sprite" parent="Accessories"]
position = Vector2( 614.723, 572.518 )
scale = Vector2( 0.451916, 0.451916 )
texture = ExtResource( 12 )

[node name="foliagePack_025" type="Sprite" parent="Accessories"]
position = Vector2( 868.756, 557.362 )
scale = Vector2( 0.368677, 0.368677 )
texture = ExtResource( 17 )

[node name="foliagePack_054" type="Sprite" parent="Accessories"]
position = Vector2( 357.728, 561.306 )
scale = Vector2( 1.02212, 0.631299 )
texture = ExtResource( 13 )
[connection signal="body_entered" from="Border" to="PlayerBody" method="_on_Border_body_entered"]
